<record><leader>00000cas a22000007a 4500</leader><controlfield tag="001">21389940</controlfield><controlfield tag="008">900418c19349999mouwr ne      0    0eng d</controlfield><datafield ind1=" " ind2=" " tag="010"><subfield code="a">sn 90061373 </subfield></datafield><datafield ind1=" " ind2=" " tag="040"><subfield code="a">MQN</subfield><subfield code="b">eng</subfield><subfield code="c">MQN</subfield><subfield code="d">OCLCQ</subfield></datafield><datafield ind1=" " ind2=" " tag="042"><subfield code="a">msc</subfield></datafield><datafield ind1="0" ind2=" " tag="130"><subfield code="a">Independent-journal (Potosi, Mo.)</subfield></datafield><datafield ind1="1" ind2="0" tag="245"><subfield code="a">Independent-journal.</subfield></datafield><datafield ind1=" " ind2=" " tag="260"><subfield code="a">Potosi, Washington County, Mo. :</subfield><subfield code="b">H.C. and Wilson Bell,</subfield><subfield code="c">1934-</subfield></datafield><datafield ind1=" " ind2=" " tag="300"><subfield code="a">v.</subfield></datafield><datafield ind1=" " ind2=" " tag="310"><subfield code="a">Weekly</subfield></datafield><datafield ind1="0" ind2=" " tag="362"><subfield code="a">62nd year, no. 8 (Jan. 25, 1934)-</subfield></datafield><datafield ind1=" " ind2=" " tag="752"><subfield code="a">United States</subfield><subfield code="b">Missouri</subfield><subfield code="c">Washington</subfield><subfield code="d">Potosi.</subfield></datafield><datafield ind1="0" ind2="0" tag="780"><subfield code="t">Weekly independent and Potosi journal</subfield><subfield code="w">(DLC)sn 90061372</subfield></datafield><datafield ind1="0" ind2="5" tag="780"><subfield code="t">Washington County news (Potosi, Mo.)</subfield><subfield code="w">(DLC)sn 90061374</subfield></datafield></record>